@article{moreno2012iaas,
  title={Iaas cloud architecture: From virtualized datacenters to federated cloud infrastructures},
  author={Moreno-Vozmediano, Rafael and Montero, Rub{\'e}n S and Llorente, Ignacio M},
  journal={Computer},
  volume={45},
  number={12},
  pages={65--72},
  year={2012},
  publisher={IEEE Computer Society}
}

@inproceedings{lantz:2010,
  title={A network in a laptop: rapid prototyping for software-defined networks},
  author={Lantz, Bob and Heller, Brandon and McKeown, Nick},
  booktitle={Proceedings of the 9th ACM SIGCOMM Workshop on Hot Topics in Networks},
  pages={19},
  year={2010},
  organization={ACM}
}

@article{greenberg:2008,
  title={The cost of a cloud: research problems in data center networks},
  author={Greenberg, Albert and Hamilton, James and Maltz, David A and Patel, Parveen},
  journal={ACM SIGCOMM Computer Communication Review},
  volume={39},
  number={1},
  pages={68--73},
  year={2008},
  publisher={ACM}
}


@article{armbrust:2010,
 author = {Armbrust, Michael and Fox, Armando and Griffith, Rean and Joseph, Anthony D. and Katz, Randy and Konwinski, Andy and Lee, Gunho and Patterson, David and Rabkin, Ariel and Stoica, Ion and Zaharia, Matei},
 title = "{A View of Cloud Computing}",
 journal = {Commun. ACM},
 issue_date = {April 2010},
 volume = {53},
 number = {4},
 month = apr,
 year = {2010},
 issn = {0001-0782},
 pages = {50--58},
 numpages = {9},
 doi = {10.1145/1721654.1721672},
 acmid = {1721672},
 publisher = {ACM},
 address = {New York, NY, USA},
}

@misc{ieeenetreport:2012,
  title = "{IEEE 802.3TM Industry Connections Ethernet Bandwidth Assessment}",
  author = {IEEE 802.3 Ethernet Working Group},
  publisher = {Communication},
  year = {2012},
  month = {July},
}

@inproceedings{peng:2009,
  title={Comparison of several cloud computing platforms},
  author={Peng, Junjie and Zhang, Xuejun and Lei, Zhou and Zhang, Bofeng and Zhang, Wu and Li, Qing},
  booktitle={2nd Int. Symp. on Information Science and Engineering (ISISE)},
  pages={23--27},
  year={2009},
}

@inproceedings{dabek:2004:vivaldi,
  title={Vivaldi: A decentralized network coordinate system},
  author={Dabek, Frank and Cox, Russ and Kaashoek, Frans and Morris, Robert},
  booktitle={ACM SIGCOMM Computer Communication Review},
  volume={34},
  number={4},
  pages={15--26},
  year={2004},
  organization={ACM}
}

@article{reich:2012,
author = {Reich, Joshua and Laadan, Oren and Brosh, Eli and Sherman, Alex and Misra, Vishal and Nieh, Jason and Rubenstein, Dan},
isbn = {9781450317757},
keywords = {all or part of,bittorrent,cloud computing,file systems,on-demand,or hard copies of,p2p,permission to make digital,swarming,this work for,virtual appliances,virtual machines},
pages = {289--300},
title = {{VMTorrent : Scalable P2P Virtual Machine Streaming}}
}

@inproceedings{pfaff:2009,
  title={Extending Networking into the Virtualization Layer.},
  author={Pfaff, Ben and Pettit, Justin and Amidon, Keith and Casado, Martin and Koponen, Teemu and Shenker, Scott},
  booktitle={Hotnets},
  year={2009}
}

@inproceedings{quesnel:ispa2013,
  author = {Flavien Quesnel and Adrien Lebre and Jonathan Pastor and Mario Sudholt and Daniel Balouek},
  title = "{Advanced Validation of the DVMS Approach to Fully Distributed VM Scheduling}",
  booktitle ={ISPA '13: 12th IEEE International Conference on Trust, Security and Privacy in Computing and Communications},
  volume = {0},
  year = {2013},
  month = {Jul},
  pages = {1249--1256}
}

@misc{greenpeace:2013,
author = {Gary Cook, Jodie Van Horn},
title = {How dirty is your data ?},
year = {2013},
howpublished = {Greenpeace International Report},
}

@incollection{lebre:beyond2013,
year={2014},
isbn={978-3-319-10529-1},
booktitle={Cloud Computing},
series={Computer Communications and Networks},
editor={Mahmood, Zaigham},
doi={10.1007/978-3-319-10530-7_14},
title={Beyond the Clouds: How Should Next Generation Utility Computing Infrastructures Be Designed?},
url={http://dx.doi.org/10.1007/978-3-319-10530-7_14},
publisher={Springer International Publishing},
keywords={Utility Computing; UC; Locality-based UC; Distributed Cloud Computing; IaaS; Efficiency; Sustainability},
author={Bertier, Marin and Desprez, FrÃ©dÃ©ric and Fedak, Gilles and Lebre, Adrien and Orgerie, Anne-CÃ©cile and Pastor, Jonathan and Quesnel, Flavien and Rouzaud-Cornabas, Jonathan and Tedeschi, CÃ©dric},
pages={325-345},
language={English}
}

@inproceedings{imbert:hal-00861886,
  TITLE = {{Using the EXECO toolbox to perform automatic and reproducible cloud experiments}},
  AUTHOR = {Imbert, Matthieu and Pouilloux, Laurent and Rouzaud-Cornabas, Jonathan and L{\`e}bre, Adrien and Hirofuchi, Takahiro},
  URL = {https://hal.inria.fr/hal-00861886},
  BOOKTITLE = {{1st Int. Workshop on UsiNg and building ClOud Testbeds (UNICO, collocated with IEEE CloudCom}},
  YEAR = {2013},
  MONTH = Dec,
  HAL_ID = {hal-00861886},
  HAL_VERSION = {v1},
}

@misc{opennebula,
  key = {opennebula},
  title =        "{Open Source Data Center Virtualization}",
  howpublished = {\url{http://www.opennebula.org}},
}

@misc{riak,
  key = {riak},
  title =        "{Documentation of RIAK, a distributed key/value store.}",
  howpublished = {\url{http://docs.basho.com/riak/latest/theory/dynamo/}},
}


@misc{openstack,
  key = {openstack},
  title =        "{The Open Source, Open Standards Cloud}",
  howpublished = {\url{http://www.openstack.org}},
}

@misc{cloudstack,
  key = {cloudstack},
  title =        "{CloudStack, Open Source Cloud Computing}",
  howpublished = {\url{http://cloudstack.apache.org}},
}

@misc{cells,
  key = {cells},
  title =        "{Scaling solutions for OpenStack}",
  howpublished = {\url{http://docs.openstack.org/openstack-ops/content/scaling.html}},
}
@misc{cascading-os,
  key = {cascading},
  title =        "{Cascading OpenStack}",
  howpublished = {\url{https://wiki.openstack.org/wiki/OpenStack_cascading_solution}},
}

@inproceedings{buyya:intercloud,
 author = {Buyya, Rajkumar and Ranjan, Rajiv and Calheiros, Rodrigo N.},
 title = {InterCloud: Utility-oriented Federation of Cloud Computing Environments for Scaling of Application Services},
 booktitle = {10th Int. Conf. on Algorithms and Architectures for Parallel Processing - Vol. Part I},
 series = {ICA3PP'10},
 year = {2010},
 isbn = {3-642-13118-2, 978-3-642-13118-9},
 location = {Busan, Korea},
 pages = {13--31},
 numpages = {19},
 url = {http://dx.doi.org/10.1007/978-3-642-13119-6_2},
 doi = {10.1007/978-3-642-13119-6_2},
 acmid = {2143586},
 }

@inproceedings{feller:snooze,
 author = {Feller, Eugen and Rilling, Louis and Morin, Christine},
 title = {Snooze: A Scalable and Autonomic Virtual Machine Management Framework for Private Clouds},
 booktitle = {12th IEEE/ACM Int. Symp. on Cluster, Cloud and Grid Computing (Ccgrid 2012)},
 year = {2012},
 isbn = {978-0-7695-4691-9},
 pages = {482--489},
 numpages = {8},
 url = {http://dx.doi.org/10.1109/CCGrid.2012.71},
 doi = {10.1109/CCGrid.2012.71},
 acmid = {2310230},
 keywords = {Cloud Computing, Scalability, Self-Organization, Self-Healing, Virtualization},
}

@INPROCEEDINGS{farahnakian:cloudcom14,
author={Farahnakian, F. and Liljeberg, P. and Pahikkala, T. and Plosila, J. and Tenhunen, H.},
booktitle={6th International Conf. on Cloud Computing Technology and Science (CloudCom)},
title={Hierarchical VM Management Architecture for Cloud Data Centers},
year={2014},
month={Dec},
pages={306-311},
keywords={cloud computing;computer centres;contracts;power aware computing;resource allocation;software management;virtual machines;SLA violations;VM assignment;VM consolidation;VM placement;cloud data center design;cloud data center management;efficient energy use;energy consumption minimization;energy cost reduction;hierarchical VM management architecture;physical machines;resource utilization improvement;service level agreement violations;Computer architecture;Energy consumption;Heuristic algorithms;Measurement;Resource management;Servers;Switches;Dynamic VM consolidation;Hierarchical model;SLA;cloud computing;energy-efficiency;green data center},
doi={10.1109/CloudCom.2014.136},}

@INPROCEEDINGS{agha:ispdc14,
author={Agha, G.},
booktitle={Parallel and Distributed Computing (ISPDC), 2014 IEEE 13th International Symposium on},
title={Actors Programming for the Mobile Cloud},
year={2014},
month={June},
pages={3-9},
keywords={cloud computing;concurrency control;mobile computing;programming languages;Facebook chat service;Twitter;actor model;actor programming languages;concurrent systems;mobile cloud;parallelism;Cognition;Computational modeling;Concurrent computing;Learning automata;Semantics;Synchronization;Testing},
doi={10.1109/ISPDC.2014.31},}

@article{kemme:vldb2010,
 author = {Kemme, Bettina and Alonso, Gustavo},
 title = {Database Replication: A Tale of Research Across Communities},
 journal = {Proc. VLDB Endow.},
 issue_date = {September 2010},
 volume = {3},
 number = {1-2},
 month = sep,
 year = {2010},
 issn = {2150-8097},
 pages = {5--12},
 numpages = {8},
 url = {http://dx.doi.org/10.14778/1920841.1920847},
 doi = {10.14778/1920841.1920847},
 acmid = {1920847},
 publisher = {VLDB Endowment},
}

@inproceedings{decandia:dynamo,
  title={Dynamo: amazon's highly available key-value store},
  author={DeCandia, Giuseppe and Hastorun, Deniz and Jampani, Madan and Kakulapati, Gunavardhan and Lakshman, Avinash and Pilchin, Alex and Sivasubramanian, Swaminathan and Vosshall, Peter and Vogels, Werner},
  booktitle={ACM SIGOPS Operating Systems Review},
  volume={41},
  number={6},
  pages={205--220},
  year={2007},
  organization={ACM}
}

@incollection{grid5000,
   title = {Adding Virtualization Capabilities to the {Grid'5000} Testbed},
   author = {Balouek, Daniel and Carpen Amarie, Alexandra and Charrier, Ghislain and Desprez, Fr{\'e}d{\'e}ric and Jeannot, Emmanuel and Jeanvoine, Emmanuel and Lebre, Adrien and Margery, David and Niclausse, Nicolas and Nussbaum, Lucas and Richard, Olivier and P{\'e}rez, Christian and Quesnel, Flavien and Rohr, Cyril and Sarzyniec, Luc},
   booktitle = {Cloud Computing and Services Science},
   publisher = {Springer International Publishing},
   pages = {3-20},
   volume = {367},
   editor = {Ivanov, IvanI. and Sinderen, Marten and Leymann, Frank and Shan, Tony },
   series = {Communications in Computer and Information Science },
   isbn = {978-3-319-04518-4 },
   doi = {10.1007/978-3-319-04519-1\_1 },
   year = {2013},
}

@inproceedings{loutas:2010,
  title={Towards a reference architecture for semantically interoperable clouds},
  author={Loutas, Nikolaos and Peristeras, Vassilios and Bouras, Thanassis and Kamateri, Eleni and Zeginis, Dimitrios and Tarabanis, Konstantinos},
  booktitle={Cloud Computing Technology and Science (CloudCom), 2010 IEEE Second International Conference on},
  pages={143--150},
  year={2010},
  organization={IEEE}
}

@incollection{buyya:2010,
  title={Intercloud: Utility-oriented federation of cloud computing environments for scaling of application services},
  author={Buyya, Rajkumar and Ranjan, Rajiv and Calheiros, Rodrigo N},
  booktitle={Algorithms and architectures for parallel processing},
  pages={13--31},
  year={2010},
  publisher={Springer}
}

@inproceedings{houidi:2011,
  title={Cloud service delivery across multiple cloud platforms},
  author={Houidi, Ines and Mechtri, Marouen and Louati, Wajdi and Zeghlache, Djamal},
  booktitle={Services Computing (SCC), 2011 IEEE International Conference on},
  pages={741--742},
  year={2011},
  organization={IEEE}
}

@book{zeromq:2013,
  title={ZeroMQ: Messaging for Many Applications},
  author={Hintjens, Pieter},
  year={2013},
  publisher={" O'Reilly Media, Inc."}
}

@book{activemq:2011,
  title={ActiveMQ in action},
  author={Snyder, Bruce and Bosnanac, Dejan and Davies, Rob},
  year={2011},
  publisher={Manning}
}

@inproceedings{han:2011,
  title={Survey on NoSQL database},
  author={Han, Jing and Haihong, E and Le, Guan and Du, Jian},
  booktitle={Pervasive computing and applications (ICPCA), 2011 6th international conference on},
  pages={363--366},
  year={2011},
  organization={IEEE}
}

@article{lakshman:2010,
  title={Cassandra: a decentralized structured storage system},
  author={Lakshman, Avinash and Malik, Prashant},
  journal={ACM SIGOPS Operating Systems Review},
  volume={44},
  number={2},
  pages={35--40},
  year={2010},
  publisher={ACM}
}